@article{solovchuk2013,
  title={On a computational study for investigating acoustic streaming and heating during focused ultrasound ablation of liver tumor},
  author={Solovchuk, Maxim A and Sheu, Tony WH and Thiriet, Marc and Lin, Win-Li},
  journal={Applied Thermal Engineering},
  volume={56},
  number={1},
  pages={62--76},
  year={2013},
  publisher={Elsevier}
}