%% This document is a bibtex export 
@preamble{ " \newcommand{\noop}[1]{} " } % no operator

@misc{Diaz2015thesis,
  title = {Modeling Rarefied Gas Flows of Arbitrary Statistics with the Semiclassical Boltzmann-BGK Equation},
  Author = {Diaz, Manuel A.},
  Journal = {Institute of Applied Mechanics, Taiwan University},
  Pages = {1--120},
  Year = {2015},
  Publisher = {Taiwan University}
}

@article{Diaz2016,
  title={An Efficient Direct Solver for Rarefied Gas Flows with Arbitrary Statistics},
  author={Diaz, Manuel A and Yang, Jaw-Yen},
  journal={Journal of Computational Physics},
  volume={305},
  pages={127--149},
  year={2016},
  publisher={Elsevier}
}

@article{Diaz2015,
  title={High-Order Conservative Asymptotic-Preserving Schemes for Modeling Rarefied Gas Dynamical Flows with Boltzmann-BGK Equation},
  author={Diaz, Manuel A and Chen, Min-Hung and Yang, Jaw-Yen},
  journal={Communications in Computational Physics},
  volume={18},
  number={4},
  pages={1012--1049},
  year={2015},
  publisher={Cambridge University Press}
}

@inproceedings{Yang2014a,
  title={Numerical Solutions of Ideal Quantum Gas Dynamical Flows Governed by Semiclassical Ellipsoidal-Statistical Distribution},
  author={Yang, Jaw-Yen and Yan, Chih-Yuan and Diaz, Manuel and Huang, Juan-Chen and Li, Zhihui and Zhang, Hanxin},
  booktitle={Proc. R. Soc. A},
  volume={470},
  number={2161},
  year={2014},
  journal={The Royal Society}
}

@article{Yang2014b,
  title={Asymptotic-Preserving Weno Schemes for Boltzmann Model Equations and Rarefied Gas Flow Simulation},
  author={Yang, Jaw-Yen and Diaz, Manuel and Kang, WY and Huang, JC},
  journal={Proceedings of the Korea Society of Computational Fluids Engineering Conference},
  pages={344--348},
  year={2014}
}

@article{Diaz:inpress_a,
  title={A Conservative Numerical Scheme for Modeling Nonlinear Acoustic Propagations in Thermoviscous Homogeneous Media},
  author={Diaz, Manuel A. and Solovchuk, Maxim A. and Sheu, Tony W.H.}, 
  year={\noop{3001} 2017, submitted},
  journal={Journal of Computational Physics}
}

@inproceedings{Diaz:inpress_b,
  title={High Performing Acoustic Multi-GPU Solver for Describing Nonlinear Acoustic Waves in Homogeneous Thermoviscous Media},
  author={Diaz, Manuel A. and Solovchuk, Maxim A. and Sheu, Tony W.H.}, 
  year={\noop{4001} 2017, submitted},
  journal={Journal of Computer \& Fluids}
}

@article{Diaz:inpress_c,
  title={Estimations of heat conductivity and perfusion for MRI guided high-intensity focused ultrasound treatments},
  author={Diaz, Manuel A. and Deng, Hong-An and Korshunova, Elena and Solovchuk, Maxim A. and Sheu, Tony W.H.}, 
  year={\noop{5001} 2017 to be submitted},
  journal={PLOS}
}

@article{Diaz:inpress_d,
  title={Conservative Finite Amplitude Models for Describing Nonlinear Acoustic Propagation},
  author={Diaz, Manuel A. and Solovchuk, Maxim A. and Sheu, Tony W.H.}, 
  year={\noop{6001} 2017 to be submitted},
  journal={Journal of Acoustical Society of America}
}
